<?xml version="1.0" encoding="UTF-8"?>
<collection xmlns:xsi="http://www.w3.org/2001/XMLSchema-instance" xsi:schemaLocation="http://www.loc.gov/MARC21/slim http://www.loc.gov/standards/marcxml/schema/MARC21slim.xsd" xmlns="http://www.loc.gov/MARC21/slim">
<record>
  <leader>01404cam a22002291a 4500</leader>
  <controlfield tag="001">3169738</controlfield>
  <controlfield tag="003">NNC</controlfield>
  <controlfield tag="005">20151117185852.0</controlfield>
  <controlfield tag="008">990106s1901    ua            000 0 ara d</controlfield>
  <datafield tag="035" ind1=" " ind2=" ">
    <subfield code="a">(OCoLC)ocm40577476</subfield>
  </datafield>
  <datafield tag="035" ind1=" " ind2=" ">
    <subfield code="9">AUB0976CU</subfield>
  </datafield>
  <datafield tag="035" ind1=" " ind2=" ">
    <subfield code="a">(NNC)3169738</subfield>
  </datafield>
  <datafield tag="040" ind1=" " ind2=" ">
    <subfield code="a">CUD</subfield>
    <subfield code="c">CUD</subfield>
    <subfield code="d">OCL</subfield>
    <subfield code="d">ZCU</subfield>
  </datafield>
  <datafield tag="099" ind1=" " ind2=" ">
    <subfield code="a">893.7M88</subfield>
    <subfield code="a">IF01</subfield>
  </datafield>
  <datafield tag="245" ind1="0" ind2="3">
    <subfield code="a">al-Muʻallaqāt ʾal-sabʻ :</subfield>
    <subfield code="b">maʻa dhikr riwāyātihā wa-ansāb qāʾilīhā. Wa-yalīhā Lāmīyat al-ʻArab /</subfield>
    <subfield code="c">lil-Shanfará / muṣaḥḥiḥah bi-ghāyat al-diqqah wa-al-itqān ʻalá al-Shaykh Muḥammad Maḥmūd ibn al-Talāmīd al-Tarkazī al-Shinqīṭī / iʻtaná bi-taṣḥīḥihā wa-qirāʾatihā ʻalá al-ustādh al-madhkūr aḥad talāmidhatihi Aḥmad ʻUmar al-Maḥmaṣānī al-Azharī.</subfield>
  </datafield>
  <datafield tag="260" ind1=" " ind2=" ">
    <subfield code="a">Miṣr :</subfield>
    <subfield code="b">Maṭbaʻat ʾal-Mawsūʻāt,</subfield>
    <subfield code="c">1319 [1901]</subfield>
  </datafield>
  <datafield tag="300" ind1=" " ind2=" ">
    <subfield code="a">50 p. ;</subfield>
    <subfield code="c">24 cm.</subfield>
  </datafield>
  <datafield tag="505" ind1="0" ind2=" ">
    <subfield code="a">1. li-ʾImriʾ ʾal-Qays ibn Ḥujr; 2. li-Ṭarafah ibn ʾal-ʻAbd ʾal-Bakrī; 3. li-Zuhayr ibn ʾAbī Sulmá ʾal-Mazanī; 4. li-Labīd ibn ʾAbī Rabīʻah ʾal-ʻĀmirī; 5. li-ʻAmṙ ibn Kult︠h︡ūm; 6. li-ʻAntarah ibn S︠h︡addād ʾal-ʻAbsī; 7. li-Ḥārit︠h︡ ibn Ḥillazah ʾal-Yas︠h︡kurī.</subfield>
  </datafield>
  <datafield tag="700" ind1="1" ind2=" ">
    <subfield code="a">Shinqīṭī, Muḥammad Maḥmūd.</subfield>
  </datafield>
  <datafield tag="700" ind1="1" ind2=" ">
    <subfield code="a">Maḥmaṣānī, Aḥmad ʻUmar.</subfield>
  </datafield>
  <datafield tag="700" ind1="0" ind2=" ">
    <subfield code="a">Shanfará.</subfield>
    <subfield code="t">Lāmīyat ʼal-ʻArab.</subfield>
  </datafield>
  <datafield tag="955" ind1=" " ind2=" ">
    <subfield code="b">CU07815778</subfield>
    <subfield code="d">off,glx</subfield>
    <subfield code="e">893.7M88 IF01</subfield>
  </datafield>
</record>
</collection>